@article{hosseinioun2022atask,
  title={aTask scheduling approaches in fog computing: A survey},
  author={Hosseinioun, Pejman and Kheirabadi, Maryam and Kamel Tabbakh, Seyed Reza and Ghaemi, Reza},
  journal={Transactions on Emerging Telecommunications Technologies},
  volume={33},
  number={3},
  pages={e3792},
  year={2022},
  publisher={Wiley Online Library}
}

@article{chakraborty2022sustainable,
  title={Sustainable task offloading decision using genetic algorithm in sensor mobile edge computing},
  author={Chakraborty, Sheuli and Mazumdar, Kaushik},
  journal={Journal of King Saud University-Computer and Information Sciences},
  year={2022},
  publisher={Elsevier}
}

@article{al2022bi,
  title={Bi-objective optimization of application placement in fog computing environments},
  author={Al-Tarawneh, Mutaz AB},
  journal={Journal of Ambient Intelligence and Humanized Computing},
  volume={13},
  number={1},
  pages={445--468},
  year={2022},
  publisher={Springer}
}

@article{sarrafzade2022genetic,
  title={A genetic-based approach for service placement in fog computing},
  author={Sarrafzade, Nazanin and Entezari-Maleki, Reza and Sousa, Leonel},
  journal={The Journal of Supercomputing},
  pages={1--22},
  year={2022},
  publisher={Springer}
}

@article{natesha2021adopting,
  title={Adopting elitism-based Genetic Algorithm for minimizing multi-objective problems of IoT service placement in fog computing environment},
  author={Natesha, BV and Guddeti, Ram Mohana Reddy},
  journal={Journal of Network and Computer Applications},
  volume={178},
  pages={102972},
  year={2021},
  publisher={Elsevier}
}

@article{abdel2021iega,
  title={IEGA: an improved elitism-based genetic algorithm for task scheduling problem in fog computing},
  author={Abdel-Basset, Mohamed and Mohamed, Reda and Chakrabortty, Ripon K and Ryan, Michael J},
  journal={International Journal of Intelligent Systems},
  volume={36},
  number={9},
  pages={4592--4631},
  year={2021},
  publisher={Wiley Online Library}
}

@article{abbasi2021intelligent,
  title={Intelligent workload allocation in IoT--Fog--cloud architecture towards mobile edge computing},
  author={Abbasi, Mahdi and Mohammadi-Pasand, E and Khosravi, Mohammad Reza},
  journal={Computer Communications},
  volume={169},
  pages={71--80},
  year={2021},
  publisher={Elsevier}
}

@article{maia2021improved,
  title={An improved multi-objective genetic algorithm with heuristic initialization for service placement and load distribution in edge computing},
  author={Maia, Adyson M and Ghamri-Doudane, Yacine and Vieira, Dario and de Castro, Miguel Franklin},
  journal={Computer Networks},
  volume={194},
  pages={108146},
  year={2021},
  publisher={Elsevier}
}

@article{hosseinioun2020new,
  title={A new energy-aware tasks scheduling approach in fog computing using hybrid meta-heuristic algorithm},
  author={Hosseinioun, Pejman and Kheirabadi, Maryam and Tabbakh, Seyed Reza Kamel and Ghaemi, Reza},
  journal={Journal of Parallel and Distributed Computing},
  volume={143},
  pages={88--96},
  year={2020},
  publisher={Elsevier}
}

@article{wang2020probability,
  title={A probability preferred priori offloading mechanism in mobile edge computing},
  author={Wang, Jin and Wu, Wenbing and Liao, Zhuofan and Sherratt, R Simon and Kim, Gwang-Jun and Alfarraj, Osama and Alzubi, Ahmad and Tolba, Amr},
  journal={IEEE Access},
  volume={8},
  pages={39758--39767},
  year={2020},
  publisher={IEEE}
}

@article{li2020joint,
  title={Joint optimization strategy of computation offloading and resource allocation in multi-access edge computing environment},
  author={Li, Huilin and Xu, Haitao and Zhou, Chengcheng and L{\"u}, Xing and Han, Zhu},
  journal={IEEE Transactions on Vehicular Technology},
  volume={69},
  number={9},
  pages={10214--10226},
  year={2020},
  publisher={IEEE}
}

@article{bozorgchenani2020multi,
  title={Multi-objective computation sharing in energy and delay constrained mobile edge computing environments},
  author={Bozorgchenani, Arash and Mashhadi, Farshad and Tarchi, Daniele and Monroy, Sergio A Salinas},
  journal={IEEE Transactions on Mobile Computing},
  volume={20},
  number={10},
  pages={2992--3005},
  year={2020},
  publisher={IEEE}
}

@article{abdel2020energy,
  title={Energy-aware marine predators algorithm for task scheduling in IoT-based fog computing applications},
  author={Abdel-Basset, Mohamed and Mohamed, Reda and Elhoseny, Mohamed and Bashir, Ali Kashif and Jolfaei, Alireza and Kumar, Neeraj},
  journal={IEEE Transactions on Industrial Informatics},
  volume={17},
  number={7},
  pages={5068--5076},
  year={2020},
  publisher={IEEE}
}

@article{wan2019task,
  title={Task-driven resource assignment in mobile edge computing exploiting evolutionary computation},
  author={Wan, Liangtian and Sun, Lu and Kong, Xiangjie and Yuan, Yuyuan and Sun, Ke and Xia, Feng},
  journal={IEEE Wireless Communications},
  volume={26},
  number={6},
  pages={94--101},
  year={2019},
  publisher={IEEE}
}

@inproceedings{canali2019fog,
  title={A Fog Computing Service Placement for Smart Cities based on Genetic Algorithms.},
  author={Canali, Claudia and Lancellotti, Riccardo},
  booktitle={CLOSER},
  pages={81--89},
  year={2019}
}

@article{lin2018cost,
  title={Cost-efficient deployment of fog computing systems at logistics centers in industry 4.0},
  author={Lin, Chun-Cheng and Yang, Jhih-Wun},
  journal={IEEE Transactions on Industrial Informatics},
  volume={14},
  number={10},
  pages={4603--4611},
  year={2018},
  publisher={IEEE}
}